<record><leader>00000cas a2200000 a 4500</leader><controlfield tag="001">35148427</controlfield><controlfield tag="008">960726d19931997gaumr n       0    0eng c</controlfield><datafield ind1=" " ind2=" " tag="010"><subfield code="a">sn 96030120 </subfield></datafield><datafield ind1=" " ind2=" " tag="040"><subfield code="a">GUA</subfield><subfield code="b">eng</subfield><subfield code="c">GUA</subfield><subfield code="d">OCLCQ</subfield><subfield code="d">OCLCF</subfield><subfield code="d">OCLCO</subfield><subfield code="d">GUA</subfield></datafield><datafield ind1=" " ind2=" " tag="012"><subfield code="i">9607</subfield></datafield><datafield ind1=" " ind2=" " tag="042"><subfield code="a">pcc</subfield></datafield><datafield ind1=" " ind2=" " tag="043"><subfield code="a">n-us-ga</subfield></datafield><datafield ind1="1" ind2="4" tag="050"><subfield code="a">HF296.M37</subfield><subfield code="b">K49</subfield></datafield><datafield ind1="0" ind2="4" tag="245"><subfield code="a">The key to Cobb.</subfield></datafield><datafield ind1="3" ind2="0" tag="246"><subfield code="a">Cobb</subfield></datafield><datafield ind1=" " ind2=" " tag="260"><subfield code="a">Marietta, GA :</subfield><subfield code="b">Cobb Chamber of Commerce</subfield></datafield><datafield ind1=" " ind2=" " tag="300"><subfield code="a">v. :</subfield><subfield code="b">ill. ;</subfield><subfield code="c">41 cm.</subfield></datafield><datafield ind1=" " ind2=" " tag="310"><subfield code="a">Monthly</subfield></datafield><datafield ind1="1" ind2=" " tag="362"><subfield code="a">Began in 1993; ceased with issue for Jan. 1997.</subfield></datafield><datafield ind1=" " ind2=" " tag="588"><subfield code="a">Description based on: Feb. 16, 1996; title from caption.</subfield></datafield><datafield ind1=" " ind2=" " tag="588"><subfield code="a">Latest issue consulted: Mar. 22, 1996.</subfield></datafield><datafield ind1="2" ind2="0" tag="610"><subfield code="a">Cobb Chamber of Commerce (Cobb County, Ga.)</subfield><subfield code="v">Periodicals.</subfield></datafield><datafield ind1=" " ind2="0" tag="651"><subfield code="a">Cobb County (Ga.)</subfield><subfield code="x">Economic conditions</subfield><subfield code="v">Periodicals.</subfield></datafield><datafield ind1="2" ind2="7" tag="610"><subfield code="a">Cobb Chamber of Commerce (Cobb County, Ga.)</subfield><subfield code="2">fast</subfield><subfield code="0">(OCoLC)fst00719001</subfield></datafield><datafield ind1=" " ind2="7" tag="650"><subfield code="a">Economic history.</subfield><subfield code="2">fast</subfield><subfield code="0">(OCoLC)fst00901974</subfield></datafield><datafield ind1=" " ind2="7" tag="651"><subfield code="a">Georgia</subfield><subfield code="z">Cobb County.</subfield><subfield code="2">fast</subfield><subfield code="0">(OCoLC)fst01211778</subfield></datafield><datafield ind1=" " ind2="7" tag="655"><subfield code="a">Periodicals.</subfield><subfield code="2">fast</subfield><subfield code="0">(OCoLC)fst01411641</subfield></datafield><datafield ind1="2" ind2=" " tag="710"><subfield code="a">Cobb Chamber of Commerce (Cobb County, Ga.)</subfield></datafield><datafield ind1="0" ind2="0" tag="780"><subfield code="a">Cobb Chamber of Commerce (Cobb County, Ga.).</subfield><subfield code="t">Cobb Chamber impact</subfield><subfield code="w">(DLC)  2015233488</subfield><subfield code="w">(OCoLC)908028805</subfield></datafield><datafield ind1="0" ind2="0" tag="785"><subfield code="t">Direct (Marietta, Ga.)</subfield><subfield code="w">(DLC)sn 97030959</subfield><subfield code="w">(OCoLC)36820773</subfield></datafield><datafield ind1=" " ind2=" " tag="850"><subfield code="a">GU</subfield></datafield><datafield ind1="1" ind2=" " tag="029"><subfield code="a">AU@</subfield><subfield code="b">000025922666</subfield></datafield></record>